<collection xmlns="http://www.loc.gov/MARC21/slim">
<record>
  <leader>00660nam0a22001931i 450 </leader>
  <controlfield tag="001">IT\ICCU\CNCE\058769</controlfield>
  <controlfield tag="005">20040706000000.0</controlfield>
  <datafield tag="100" ind1=" " ind2=" ">
    <subfield code="a">20040706d1524        0itac0103    ba</subfield>
  </datafield>
  <datafield tag="101" ind1=" " ind2=" ">
    <subfield code="a">LAT</subfield>
  </datafield>
  <datafield tag="102" ind1=" " ind2=" ">
    <subfield code="a">IT</subfield>
  </datafield>
  <datafield tag="200" ind1="1" ind2=" ">
    <subfield code="a">Ad phenicem venatio</subfield>
  </datafield>
  <datafield tag="210" ind1=" " ind2=" ">
    <subfield code="a">Perugia</subfield>
    <subfield code="c">Cosimo Bianchini</subfield>
    <subfield code="d">1524</subfield>
  </datafield>
  <datafield tag="215" ind1=" " ind2=" ">
    <subfield code="a">8ʻ</subfield>
  </datafield>
  <datafield tag="620" ind1=" " ind2=" ">
    <subfield code="a">IT</subfield>
    <subfield code="d">Perugia</subfield>
  </datafield>
  <datafield tag="712" ind1="0" ind2="0">
    <subfield code="a">Bianchini, Cosimo</subfield>
    <subfield code="3">IT\ICCU\CNCT\000182</subfield>
    <subfield code="4">650</subfield>
  </datafield>
  <datafield tag="791" ind1="0" ind2="2">
    <subfield code="a">℗al segno del ℗Leone</subfield>
    <subfield code="c"> &lt;Perugia</subfield>
    <subfield code="c"> ; 1513-1544&gt;</subfield>
    <subfield code="3">IT\ICCU\CNCT\002416</subfield>
    <subfield code="z">Bianchini, Cosimo</subfield>
  </datafield>
  <datafield tag="791" ind1="0" ind2="2">
    <subfield code="a">Cosimo di Bernardo</subfield>
    <subfield code="3">IT\ICCU\CNCT\003637</subfield>
    <subfield code="z">Bianchini, Cosimo</subfield>
  </datafield>
  <datafield tag="791" ind1="0" ind2="0">
    <subfield code="a">Blanchinus, Cosmus</subfield>
    <subfield code="3">IT\ICCU\CNCT\004371</subfield>
    <subfield code="z">Bianchini, Cosimo</subfield>
  </datafield>
  <datafield tag="801" ind1=" " ind2="3">
    <subfield code="a">IT</subfield>
    <subfield code="b">ICCU</subfield>
    <subfield code="c">20201115</subfield>
  </datafield>
</record>
</collection>
